% Encoding: UTF-8


@article{survey,
  author={Park, Seongjoon and Kim, Hyeong Tae and Lee, Sangmin and Joo, Hyeontae and Kim, Hwangnam},
  journal={IEEE Access}, 
  title={Survey on Anti-Drone Systems: Components, Designs, and Challenges}, 
  year={2021},
  volume={9},
  number={},
  pages={42635-42659},
  doi={10.1109/ACCESS.2021.3065926}
  }
  
  @misc{robinradar1,
  author = {Robin Radar},
  title = {{Countering Drones at Airports
What to keep in mind when evaluating solutions}},
  howpublished = "\url{https://www.robinradar.com/countering-drones-at-airports}",
  year = {2020}, 
  note = "[Online]"
}

  @misc{robinradar2,
  author = {Robin Radar},
  title = {{What to Look for in a Drone Detection Systems}},
  howpublished = "\url{https://www.robinradar.com/drone-detection-system-guide?hsLang=en}",
  year = {2020}, 
  note = "[Online]"
}

@misc{elvira,
  author = {Robin Radar},
  title = {{Radar Elvira Datasheet}},
  howpublished = "\url{https://www.robinradar.com/elvira-datasheet?hsLang=en}",
  year = {2021}, 
  note = "[Online]"
}

@misc{iris,
  author = {Robin Radar},
  title = {{Radar Iris Datasheet}},
  howpublished = "\url{https://www.robinradar.com/iris-datasheet?hsLang=en}",
  year = {2021}, 
  note = "[Online]"
}


@misc{gamekeeper,
  author = {Aveillant},
  title = {{Radar Gamekeeper Datasheet}},
  howpublished = "\url{https://www.aveillant.com/wp-content/uploads/2020/02/GM-COL-009-v1.1-2.pdf}",
  year = {2021}, 
  note = "[Online]"
}


@inproceedings{holographic,
  author={Cao, Siyang and Zheng, Yuan F. and Ewing, Robert L.},
  booktitle={2015 National Aerospace and Electronics Conference (NAECON)}, 
  title={From phased array to holographic radar}, 
  year={2015},
  volume={},
  number={},
  pages={207-212},
  doi={10.1109/NAECON.2015.7443068}}

 @misc{uspace,
  author = {TERRA project},
  title = {{Identification of Potential New Technologies for U-sapce}},
  howpublished =
  "\url{https://ec.europa.eu/research/participants/documents/downloadPublic?documentIds=080166e5c23a9def&appId=PPGMS}",
  year = {2020}, 
  note = "[Online]"
}

@book{microdoppler_chen,
  author = {Victor C. Chen},
  year = {2011},
  title = {The Micro-Doppler Effect in Radar},
  publisher = {Artech House}
}

@ARTICLE{rcsdrone,
  author={Ezuma, Martins and Anjinappa, Chethan Kumar and Funderburk, Mark and Guvenc, Ismail},
  journal={IEEE Transactions on Aerospace and Electronic Systems}, 
  title={Radar Cross Section Based Statistical Recognition of UAVs at Microwave Frequencies}, 
  year={2022},
  volume={58},
  number={1},
  pages={27-46},
  doi={10.1109/TAES.2021.3096875}}

@INPROCEEDINGS{microdoppler_and_SVM,
  author={Bjorklund, Svante},
  booktitle={2018 15th European Radar Conference (EuRAD)}, 
  title={Target Detection and Classification of Small Drones by Boosting on Radar Micro-Doppler}, 
  year={2018},
  volume={},
  number={},
  pages={182-185},
  doi={10.23919/EuRAD.2018.8546569}}

@inproceedings{md_helicopter,
author = {Sathe, Prajakta and A, Dyana and Ray, Dr and D, Shashikiran and A, Vengadarajan},
year = {2018},
month = {06},
pages = {},
title = {Helicopter Main and Tail Rotor Blade Parameter Extraction Using Micro-Doppler},
doi = {10.23919/IRS.2018.8448242}
}


@book{galati_radar,
author = {G. Galati},
year = {2009},
month = {},
title = {Teoria e Tecnica Radar},
publisher = {Texmat}
}


@book{chen_chinese,
author = {Zhang, Q. and Luo, Y. and Chen, Y.-A},
year = {2016},
month = {11},
title = {Micro-Doppler Characteristics of Radar Targets},
journal = {Micro-Doppler Characteristics of Radar Targets}
}


@inproceedings{2Dprocessing_fmcw,
author = {Wojtkiewicz, Andrzej and Misiurewicz, Jacek and Nalecz, Marek and Jedrzejewski, Konrad and Kulpa, Krzysztof},
year = {1997},
month = {10},
pages = {},
title = {Two-dimensional Signal Processing in FMCW Radars}
}


@article{Roos2016RangeMC,
  title={Range migration compensation for chirp-sequence based radar},
  author={Fabian Roos and Daniel Ellenrieder and Nils Appenrodt and J{\"u}rgen Dickmann and Christian Waldschmidt},
  journal={2016 German Microwave Conference (GeMiC)},
  year={2016},
  pages={317-320}
}


@article{CWmicroDoppler,
  title={Multiple drone type classification using millimetre-wave CW radar micro-Doppler data},
  authors={Samiur, Rahman, Duncan A., Robertson},
  journal={Proceeding of spie},
  year={2020},
}

@INPROCEEDINGS{MartinMulgrew,
  author={Martin, J. and Mulgrew, B.},
  booktitle={IEEE International Conference on Radar}, 
  title={Analysis of the theoretical radar return signal form aircraft propeller blades}, 
  year={1990},
  volume={},
  number={},
  pages={569-572},
  doi={10.1109/RADAR.1990.201091}}

@INPROCEEDINGS{kulpa,
  author={Misiurewicz, J. and Kulpa, K. and Czekala, Z.},
  booktitle={Radar 97 (Conf. Publ. No. 449)}, 
  title={Analysis of recorded helicopter echo}, 
  year={1997},
  volume={},
  number={},
  pages={449-453},
  doi={10.1049/cp:19971715}}


@mastersthesis{tesiligresti,
  author  = "Ligresti G.",
  title   = "Target classification by radar micro-Doppler analysis",
  school  = "University of Rome 'Tor Vergata'",
  year    = "2020/2021"
}


@Article{droneclasswithneural,
AUTHOR = {Raval, Divy and Hunter, Emily and Hudson, Sinclair and Damini, Anthony and Balaji, Bhashyam},
TITLE = {Convolutional Neural Networks for Classification of Drones Using Radars},
JOURNAL = {Drones},
VOLUME = {5},
YEAR = {2021},
NUMBER = {4},
ARTICLE-NUMBER = {149},
URL = {https://www.mdpi.com/2504-446X/5/4/149},
ISSN = {2504-446X},
DOI = {10.3390/drones5040149}
}

@article{Schroeder2010XbandFR,
  title={X-band FMCW radar system with variable chirp duration},
  author={Christoph T. Schroeder and Hermann Rohling},
  journal={2010 IEEE Radar Conference},
  year={2010},
  pages={1255-1259}
}

@online{align,
  author = {Align Performance RC Helicopters},
  title = {{MS Windows NT} Kernel Description},
  year = 2021,
  url = {https://aligntrexhelis.com/},
  urldate = {2021-09-30}
}

@Inbook{slope,
author="Cherniak, Dmytro
and Levantino, Salvatore",
editor="Pernici, Barbara",
title="Chirp Generators for Millimeter-Wave FMCW Radars",
bookTitle="Special Topics in Information Technology",
year="2020",
publisher="Springer International Publishing",
address="Cham",
pages="33--47",
isbn="978-3-030-32094-2",
doi="10.1007/978-3-030-32094-2_3",
url="https://doi.org/10.1007/978-3-030-32094-2_3"
}

@INPROCEEDINGS{md_of_owl,
  author={Ritchie, Matthew and Fioranelli, Francesco and Griffiths, Hugh and Torvik, Borge},
  booktitle={2016 IEEE Radar Conference (RadarConf)}, 
  title={Monostatic and bistatic radar measurements of birds and micro-drone}, 
  year={2016},
  volume={},
  number={},
  pages={1-5},
  doi={10.1109/RADAR.2016.7485181}}


@INPROCEEDINGS{HERM,
  author={Huang, Andi and SÃ©vigny, Pascale and Balaji, Bhashyam and Rajan, Sreeraman},
  booktitle={2020 IEEE International Radar Conference (RADAR)}, 
  title={Fundamental Frequency Estimation of HERM Lines of Drones}, 
  year={2020},
  volume={},
  number={},
  pages={1013-1018},
  doi={10.1109/RADAR42522.2020.9114676}}
